[gd_scene load_steps=6 format=3 uid="uid://djdh16obqvjsg"]

[ext_resource type="PackedScene" uid="uid://vbc4s6y0u6c4" path="res://floating_window.tscn" id="1_iky4v"]
[ext_resource type="PackedScene" uid="uid://bgf1x5jlvihqq" path="res://templates/DLC_button.tscn" id="2_hv7dj"]
[ext_resource type="StyleBox" uid="uid://c8nbss177d458" path="res://theme/default_box.tres" id="4_6whye"]
[ext_resource type="StyleBox" uid="uid://bgqmnefvnjxgd" path="res://theme/hover_box.tres" id="5_e2ikv"]
[ext_resource type="StyleBox" uid="uid://q7u332f6huko" path="res://theme/focus_box.tres" id="6_u8gph"]

[node name="DLC Popup" type="Control"]
layout_mode = 3
anchors_preset = 0

[node name="Floating Window" parent="." instance=ExtResource("1_iky4v")]
layout_mode = 0
anchors_preset = 0
anchor_left = 0.0
anchor_top = 0.0
anchor_right = 0.0
anchor_bottom = 0.0
offset_left = 0.0
offset_top = 0.0
offset_right = 320.0
offset_bottom = 316.0
grow_horizontal = 1
grow_vertical = 1

[node name="GridContainer" type="GridContainer" parent="Floating Window"]
layout_mode = 2
columns = 2

[node name="Funny hats" parent="Floating Window/GridContainer" instance=ExtResource("2_hv7dj")]
layout_mode = 2
DLC_Name = &"Funny Hats DLC"
style_normal = ExtResource("4_6whye")
style_pressed = ExtResource("5_e2ikv")
style_hover = ExtResource("5_e2ikv")
style_disabled = ExtResource("4_6whye")
style_focused = ExtResource("6_u8gph")

[node name="Spiders" parent="Floating Window/GridContainer" instance=ExtResource("2_hv7dj")]
layout_mode = 2
DLC_Name = &"Spiders DLC"
style_normal = ExtResource("4_6whye")
style_pressed = ExtResource("5_e2ikv")
style_hover = ExtResource("5_e2ikv")
style_disabled = ExtResource("4_6whye")
style_focused = ExtResource("6_u8gph")

[node name="Straight" parent="Floating Window/GridContainer" instance=ExtResource("2_hv7dj")]
layout_mode = 2
DLC_Name = &"Straight DLC"
style_normal = ExtResource("4_6whye")
style_pressed = ExtResource("5_e2ikv")
style_hover = ExtResource("5_e2ikv")
style_disabled = ExtResource("4_6whye")
style_focused = ExtResource("6_u8gph")

[node name="Nothing" parent="Floating Window/GridContainer" instance=ExtResource("2_hv7dj")]
layout_mode = 2
DLC_Name = &"Absolutelty Nothing DLC"
style_normal = ExtResource("4_6whye")
style_pressed = ExtResource("5_e2ikv")
style_hover = ExtResource("5_e2ikv")
style_disabled = ExtResource("4_6whye")
style_focused = ExtResource("6_u8gph")
