[gd_scene load_steps=26 format=3 uid="uid://dfk0650ejv4a2"]

[ext_resource type="PackedScene" uid="uid://cmp773vodcevq" path="res://templates/resource_icon.tscn" id="1_105qf"]
[ext_resource type="PackedScene" uid="uid://lnaqsdjh2joi" path="res://character_dialog.tscn" id="1_a3jf2"]
[ext_resource type="Script" uid="uid://bmt3syr6le3tl" path="res://main.gd" id="1_d13ii"]
[ext_resource type="Script" uid="uid://si2c4tf81xjs" path="res://Tooltip.gd" id="1_hvd07"]
[ext_resource type="Script" uid="uid://blwkye6mbeebg" path="res://Main Menu.gd" id="1_wiefe"]
[ext_resource type="Script" uid="uid://bg8k6b46w3jo6" path="res://templates/FastLabel.gd" id="3_ryguw"]
[ext_resource type="PackedScene" uid="uid://dn456xotagtfh" path="res://templates/price_tag.tscn" id="5_5h3j6"]
[ext_resource type="StyleBox" uid="uid://c8nbss177d458" path="res://theme/default_box.tres" id="5_ryguw"]
[ext_resource type="StyleBox" uid="uid://bgqmnefvnjxgd" path="res://theme/hover_box.tres" id="6_d13ii"]
[ext_resource type="StyleBox" uid="uid://q7u332f6huko" path="res://theme/focus_box.tres" id="7_1u8w0"]
[ext_resource type="PackedScene" uid="uid://bgf1x5jlvihqq" path="res://templates/DLC_button.tscn" id="7_cegan"]
[ext_resource type="PackedScene" uid="uid://vbc4s6y0u6c4" path="res://floating_window.tscn" id="11_82xsv"]
[ext_resource type="Script" uid="uid://rw5lwndmu2ps" path="res://Fadescreen.gd" id="12_vqhj1"]
[ext_resource type="Texture2D" uid="uid://bc5la8rwqhcjd" path="res://textures/collectables.png" id="13_7wcif"]
[ext_resource type="Script" uid="uid://drjl6ykva3vjh" path="res://templates/fast_button.gd" id="13_getpj"]
[ext_resource type="PackedScene" uid="uid://bsnn82t6hjg21" path="res://templates/resource_particle.tscn" id="13_t3dee"]
[ext_resource type="AudioStream" uid="uid://budjwbg7nngrs" path="res://beep.wav" id="15_3k7ev"]
[ext_resource type="AudioStream" uid="uid://ju7ygfj64ag" path="res://beep_alert.wav" id="17_4td3m"]
[ext_resource type="AudioStream" uid="uid://cexkaej2ycxi" path="res://beep_err.wav" id="18_suq03"]
[ext_resource type="Script" uid="uid://ydq436ntt0in" path="res://debug/debug.gd" id="22_bndtv"]
[ext_resource type="PackedScene" uid="uid://c1yyogorjviwe" path="res://creature_detail_popup.tscn" id="24_ojrgp"]

[sub_resource type="StyleBoxEmpty" id="StyleBoxEmpty_cegan"]

[sub_resource type="GDScript" id="GDScript_o24lq"]
script/source = "@tool
extends FastButton

func _pressed():
	GUI.QuitPopup.show()
"

[sub_resource type="AtlasTexture" id="AtlasTexture_yhh1b"]
atlas = ExtResource("13_7wcif")
region = Rect2(16, 0, 16, 16)

[sub_resource type="AtlasTexture" id="AtlasTexture_14wl0"]
atlas = ExtResource("13_7wcif")
region = Rect2(32, 0, 16, 16)

[node name="Main" type="PanelContainer"]
process_mode = 1
anchors_preset = 15
anchor_right = 1.0
anchor_bottom = 1.0
grow_horizontal = 2
grow_vertical = 2
size_flags_horizontal = 3
size_flags_vertical = 3
theme_override_styles/panel = SubResource("StyleBoxEmpty_cegan")
script = ExtResource("1_d13ii")

[node name="CreatureDetailPopup" parent="." instance=ExtResource("24_ojrgp")]
visible = false
layout_mode = 2

[node name="Main Menu" type="PanelContainer" parent="."]
unique_name_in_owner = true
layout_mode = 2
script = ExtResource("1_wiefe")

[node name="VBoxContainer" type="VBoxContainer" parent="Main Menu"]
layout_mode = 2
size_flags_horizontal = 4
size_flags_vertical = 4

[node name="Label" type="Label" parent="Main Menu/VBoxContainer"]
layout_mode = 2
text = "❤ Cursed Farm ❤"

[node name="HSeparator" type="HSeparator" parent="Main Menu/VBoxContainer"]
layout_mode = 2
theme_override_constants/separation = 16

[node name="start" type="BaseButton" parent="Main Menu/VBoxContainer"]
_import_path = NodePath("")
unique_name_in_owner = true
process_mode = 0
process_priority = 0
process_physics_priority = 0
process_thread_group = 0
physics_interpolation_mode = 2
auto_translate_mode = 0
editor_description = ""
visible = true
modulate = Color(1, 1, 1, 1)
self_modulate = Color(1, 1, 1, 1)
show_behind_parent = false
top_level = false
clip_children = 0
light_mask = 1
visibility_layer = 1
z_index = 0
z_as_relative = true
y_sort_enabled = false
texture_filter = 0
texture_repeat = 0
material = null
use_parent_material = false
clip_contents = false
custom_minimum_size = Vector2(0, 32)
layout_direction = 0
layout_mode = 2
size_flags_horizontal = 1
size_flags_vertical = 4
size_flags_stretch_ratio = 1.0
localize_numeral_system = true
tooltip_text = ""
tooltip_auto_translate_mode = 0
focus_neighbor_left = NodePath("")
focus_neighbor_top = NodePath("")
focus_neighbor_right = NodePath("")
focus_neighbor_bottom = NodePath("")
focus_next = NodePath("")
focus_previous = NodePath("")
focus_mode = 2
mouse_filter = 0
mouse_force_pass_scroll_events = true
mouse_default_cursor_shape = 0
theme = null
theme_type_variation = &""
disabled = false
toggle_mode = false
button_pressed = false
action_mode = 1
button_mask = 1
keep_pressed_outside = false
button_group = null
shortcut = null
shortcut_feedback = true
shortcut_in_tooltip = true
script = ExtResource("13_getpj")
text = "Start"
text_alignment = 1
style_normal = ExtResource("5_ryguw")
style_pressed = ExtResource("6_d13ii")
style_hover = ExtResource("6_d13ii")
style_disabled = ExtResource("5_ryguw")
style_focused = ExtResource("7_1u8w0")
metadata/_custom_type_script = ExtResource("13_getpj")

[node name="quit" type="BaseButton" parent="Main Menu/VBoxContainer"]
_import_path = NodePath("")
unique_name_in_owner = false
process_mode = 0
process_priority = 0
process_physics_priority = 0
process_thread_group = 0
physics_interpolation_mode = 2
auto_translate_mode = 0
editor_description = ""
visible = true
modulate = Color(1, 1, 1, 1)
self_modulate = Color(1, 1, 1, 1)
show_behind_parent = false
top_level = false
clip_children = 0
light_mask = 1
visibility_layer = 1
z_index = 0
z_as_relative = true
y_sort_enabled = false
texture_filter = 0
texture_repeat = 0
material = null
use_parent_material = false
clip_contents = false
custom_minimum_size = Vector2(0, 0)
layout_direction = 0
layout_mode = 2
size_flags_horizontal = 1
size_flags_vertical = 4
size_flags_stretch_ratio = 1.0
localize_numeral_system = true
tooltip_text = ""
tooltip_auto_translate_mode = 0
focus_neighbor_left = NodePath("")
focus_neighbor_top = NodePath("")
focus_neighbor_right = NodePath("")
focus_neighbor_bottom = NodePath("")
focus_next = NodePath("")
focus_previous = NodePath("")
focus_mode = 2
mouse_filter = 0
mouse_force_pass_scroll_events = true
mouse_default_cursor_shape = 0
theme = null
theme_type_variation = &""
disabled = false
toggle_mode = false
button_pressed = false
action_mode = 1
button_mask = 1
keep_pressed_outside = false
button_group = null
shortcut = null
shortcut_feedback = true
shortcut_in_tooltip = true
script = ExtResource("13_getpj")
text = "Quit"
text_alignment = 1
style_normal = ExtResource("5_ryguw")
style_pressed = ExtResource("6_d13ii")
style_hover = ExtResource("6_d13ii")
style_disabled = ExtResource("5_ryguw")
style_focused = ExtResource("7_1u8w0")
metadata/_custom_type_script = ExtResource("13_getpj")

[node name="Cutscene" type="Control" parent="."]
unique_name_in_owner = true
visible = false
layout_mode = 2

[node name="CharacterDialog" parent="." instance=ExtResource("1_a3jf2")]
visible = false
layout_mode = 2

[node name="Floaters" type="MarginContainer" parent="."]
layout_mode = 2
mouse_filter = 2
theme_override_constants/margin_left = 0
theme_override_constants/margin_top = 0
theme_override_constants/margin_right = 0
theme_override_constants/margin_bottom = 0

[node name="Tooltip" type="PanelContainer" parent="Floaters"]
unique_name_in_owner = true
visible = false
top_level = true
z_index = 100
layout_mode = 2
size_flags_horizontal = 4
size_flags_vertical = 4
script = ExtResource("1_hvd07")

[node name="MarginContainer" type="MarginContainer" parent="Floaters/Tooltip"]
layout_mode = 2
theme_override_constants/margin_left = 0
theme_override_constants/margin_top = 4
theme_override_constants/margin_right = 0
theme_override_constants/margin_bottom = 4

[node name="VBoxContainer" type="VBoxContainer" parent="Floaters/Tooltip/MarginContainer"]
layout_mode = 2

[node name="HBoxContainer" type="HBoxContainer" parent="Floaters/Tooltip/MarginContainer/VBoxContainer"]
layout_mode = 2

[node name="Resource Icon" parent="Floaters/Tooltip/MarginContainer/VBoxContainer/HBoxContainer" instance=ExtResource("1_105qf")]
layout_mode = 2

[node name="Label" type="Control" parent="Floaters/Tooltip/MarginContainer/VBoxContainer/HBoxContainer"]
layout_mode = 2
size_flags_vertical = 4
mouse_filter = 2
script = ExtResource("3_ryguw")
text = "#LABEL"
metadata/_custom_type_script = ExtResource("3_ryguw")

[node name="price_tag" parent="Floaters/Tooltip/MarginContainer/VBoxContainer" instance=ExtResource("5_5h3j6")]
layout_mode = 2
size_flags_horizontal = 4
size_flags_vertical = 0

[node name="DLC Popup" parent="Floaters" instance=ExtResource("11_82xsv")]
unique_name_in_owner = true
visible = false
layout_mode = 2
title = "DLC"

[node name="GridContainer" type="GridContainer" parent="Floaters/DLC Popup"]
layout_mode = 2
columns = 2

[node name="Funny hats" parent="Floaters/DLC Popup/GridContainer" instance=ExtResource("7_cegan")]
layout_mode = 2
DLC_Name = &"Funny Hats DLC"

[node name="Spiders" parent="Floaters/DLC Popup/GridContainer" instance=ExtResource("7_cegan")]
layout_mode = 2
DLC_Name = &"Spiders DLC"

[node name="Straight" parent="Floaters/DLC Popup/GridContainer" instance=ExtResource("7_cegan")]
layout_mode = 2
DLC_Name = &"Straight DLC"

[node name="Nothing" parent="Floaters/DLC Popup/GridContainer" instance=ExtResource("7_cegan")]
layout_mode = 2
DLC_Name = &"Absolutelty Nothing DLC"

[node name="Game Menu" parent="Floaters" instance=ExtResource("11_82xsv")]
unique_name_in_owner = true
visible = false
z_index = 800
layout_mode = 2
title = "Cursed Farm"

[node name="VBoxContainer" type="VBoxContainer" parent="Floaters/Game Menu"]
layout_mode = 2
size_flags_vertical = 4

[node name="options" type="BaseButton" parent="Floaters/Game Menu/VBoxContainer"]
_import_path = NodePath("")
unique_name_in_owner = false
process_mode = 0
process_priority = 0
process_physics_priority = 0
process_thread_group = 0
physics_interpolation_mode = 2
auto_translate_mode = 0
editor_description = ""
visible = true
modulate = Color(1, 1, 1, 1)
self_modulate = Color(1, 1, 1, 1)
show_behind_parent = false
top_level = false
clip_children = 0
light_mask = 1
visibility_layer = 1
z_index = 0
z_as_relative = true
y_sort_enabled = false
texture_filter = 0
texture_repeat = 0
material = null
use_parent_material = false
clip_contents = false
custom_minimum_size = Vector2(0, 0)
layout_direction = 0
layout_mode = 2
size_flags_horizontal = 1
size_flags_vertical = 4
size_flags_stretch_ratio = 1.0
localize_numeral_system = true
tooltip_text = ""
tooltip_auto_translate_mode = 0
focus_neighbor_left = NodePath("")
focus_neighbor_top = NodePath("")
focus_neighbor_right = NodePath("")
focus_neighbor_bottom = NodePath("")
focus_next = NodePath("")
focus_previous = NodePath("")
focus_mode = 2
mouse_filter = 0
mouse_force_pass_scroll_events = true
mouse_default_cursor_shape = 0
theme = null
theme_type_variation = &""
disabled = false
toggle_mode = false
button_pressed = false
action_mode = 1
button_mask = 1
keep_pressed_outside = false
button_group = null
shortcut = null
shortcut_feedback = true
shortcut_in_tooltip = true
script = ExtResource("13_getpj")
text = "Options"
text_alignment = 1
style_normal = ExtResource("5_ryguw")
style_pressed = ExtResource("6_d13ii")
style_hover = ExtResource("6_d13ii")
style_disabled = ExtResource("5_ryguw")
style_focused = ExtResource("7_1u8w0")
metadata/_custom_type_script = ExtResource("13_getpj")

[node name="quit" type="BaseButton" parent="Floaters/Game Menu/VBoxContainer"]
_import_path = NodePath("")
unique_name_in_owner = false
process_mode = 0
process_priority = 0
process_physics_priority = 0
process_thread_group = 0
physics_interpolation_mode = 2
auto_translate_mode = 0
editor_description = ""
visible = true
modulate = Color(1, 1, 1, 1)
self_modulate = Color(1, 1, 1, 1)
show_behind_parent = false
top_level = false
clip_children = 0
light_mask = 1
visibility_layer = 1
z_index = 0
z_as_relative = true
y_sort_enabled = false
texture_filter = 0
texture_repeat = 0
material = null
use_parent_material = false
clip_contents = false
custom_minimum_size = Vector2(0, 0)
layout_direction = 0
layout_mode = 2
size_flags_horizontal = 1
size_flags_vertical = 4
size_flags_stretch_ratio = 1.0
localize_numeral_system = true
tooltip_text = ""
tooltip_auto_translate_mode = 0
focus_neighbor_left = NodePath("")
focus_neighbor_top = NodePath("")
focus_neighbor_right = NodePath("")
focus_neighbor_bottom = NodePath("")
focus_next = NodePath("")
focus_previous = NodePath("")
focus_mode = 2
mouse_filter = 0
mouse_force_pass_scroll_events = true
mouse_default_cursor_shape = 0
theme = null
theme_type_variation = &""
disabled = false
toggle_mode = false
button_pressed = false
action_mode = 1
button_mask = 1
keep_pressed_outside = false
button_group = null
shortcut = null
shortcut_feedback = true
shortcut_in_tooltip = true
script = SubResource("GDScript_o24lq")
text = "Quit"
text_alignment = 1
style_normal = ExtResource("5_ryguw")
style_pressed = ExtResource("6_d13ii")
style_hover = ExtResource("6_d13ii")
style_disabled = ExtResource("5_ryguw")
style_focused = ExtResource("7_1u8w0")
metadata/_custom_type_script = ExtResource("13_getpj")

[node name="Quit popup" parent="Floaters" instance=ExtResource("11_82xsv")]
unique_name_in_owner = true
visible = false
z_index = 1000
layout_mode = 2
title = "Are you sure you want to quit?"

[node name="HBoxContainer" type="HBoxContainer" parent="Floaters/Quit popup"]
layout_mode = 2
theme_override_constants/separation = 16
alignment = 1

[node name="Yes" type="BaseButton" parent="Floaters/Quit popup/HBoxContainer"]
_import_path = NodePath("")
unique_name_in_owner = false
process_mode = 0
process_priority = 0
process_physics_priority = 0
process_thread_group = 0
physics_interpolation_mode = 2
auto_translate_mode = 0
editor_description = ""
visible = true
modulate = Color(1, 1, 1, 1)
self_modulate = Color(1, 1, 1, 1)
show_behind_parent = false
top_level = false
clip_children = 0
light_mask = 1
visibility_layer = 1
z_index = 0
z_as_relative = true
y_sort_enabled = false
texture_filter = 0
texture_repeat = 0
material = null
use_parent_material = false
clip_contents = false
custom_minimum_size = Vector2(64, 0)
layout_direction = 0
layout_mode = 2
size_flags_horizontal = 1
size_flags_vertical = 1
size_flags_stretch_ratio = 1.0
localize_numeral_system = true
tooltip_text = ""
tooltip_auto_translate_mode = 0
focus_neighbor_left = NodePath("")
focus_neighbor_top = NodePath("")
focus_neighbor_right = NodePath("")
focus_neighbor_bottom = NodePath("")
focus_next = NodePath("")
focus_previous = NodePath("")
focus_mode = 2
mouse_filter = 0
mouse_force_pass_scroll_events = true
mouse_default_cursor_shape = 0
theme = null
theme_type_variation = &""
disabled = false
toggle_mode = false
button_pressed = false
action_mode = 1
button_mask = 1
keep_pressed_outside = false
button_group = null
shortcut = null
shortcut_feedback = true
shortcut_in_tooltip = true
script = ExtResource("13_getpj")
text = "Yes"
text_alignment = 1
style_normal = ExtResource("5_ryguw")
style_pressed = ExtResource("6_d13ii")
style_hover = ExtResource("6_d13ii")
style_disabled = ExtResource("5_ryguw")
style_focused = ExtResource("7_1u8w0")
metadata/_custom_type_script = ExtResource("13_getpj")

[node name="No" type="BaseButton" parent="Floaters/Quit popup/HBoxContainer"]
_import_path = NodePath("")
unique_name_in_owner = false
process_mode = 0
process_priority = 0
process_physics_priority = 0
process_thread_group = 0
physics_interpolation_mode = 2
auto_translate_mode = 0
editor_description = ""
visible = true
modulate = Color(1, 1, 1, 1)
self_modulate = Color(1, 1, 1, 1)
show_behind_parent = false
top_level = false
clip_children = 0
light_mask = 1
visibility_layer = 1
z_index = 0
z_as_relative = true
y_sort_enabled = false
texture_filter = 0
texture_repeat = 0
material = null
use_parent_material = false
clip_contents = false
custom_minimum_size = Vector2(64, 0)
layout_direction = 0
layout_mode = 2
size_flags_horizontal = 1
size_flags_vertical = 1
size_flags_stretch_ratio = 1.0
localize_numeral_system = true
tooltip_text = ""
tooltip_auto_translate_mode = 0
focus_neighbor_left = NodePath("")
focus_neighbor_top = NodePath("")
focus_neighbor_right = NodePath("")
focus_neighbor_bottom = NodePath("")
focus_next = NodePath("")
focus_previous = NodePath("")
focus_mode = 2
mouse_filter = 0
mouse_force_pass_scroll_events = true
mouse_default_cursor_shape = 0
theme = null
theme_type_variation = &""
disabled = false
toggle_mode = false
button_pressed = false
action_mode = 1
button_mask = 1
keep_pressed_outside = false
button_group = null
shortcut = null
shortcut_feedback = true
shortcut_in_tooltip = true
script = ExtResource("13_getpj")
text = "No"
text_alignment = 1
style_normal = ExtResource("5_ryguw")
style_pressed = ExtResource("6_d13ii")
style_hover = ExtResource("6_d13ii")
style_disabled = ExtResource("5_ryguw")
style_focused = ExtResource("7_1u8w0")
metadata/_custom_type_script = ExtResource("13_getpj")

[node name="Fadescreen" type="Control" parent="."]
unique_name_in_owner = true
process_mode = 3
z_index = 4096
z_as_relative = false
layout_mode = 2
mouse_force_pass_scroll_events = false
mouse_default_cursor_shape = 5
script = ExtResource("12_vqhj1")

[node name="Particles" type="Node2D" parent="."]

[node name="Amanita Particle" parent="Particles" instance=ExtResource("13_t3dee")]
unique_name_in_owner = true

[node name="Wood Particle" parent="Particles" instance=ExtResource("13_t3dee")]
unique_name_in_owner = true
texture = SubResource("AtlasTexture_yhh1b")

[node name="Belladona Particle" parent="Particles" instance=ExtResource("13_t3dee")]
unique_name_in_owner = true
texture = SubResource("AtlasTexture_14wl0")

[node name="Sounds" type="Node" parent="."]
process_mode = 3

[node name="beep" type="AudioStreamPlayer" parent="Sounds"]
unique_name_in_owner = true
stream = ExtResource("15_3k7ev")
max_polyphony = 4

[node name="beep_high" type="AudioStreamPlayer" parent="Sounds"]
unique_name_in_owner = true
stream = ExtResource("17_4td3m")
max_polyphony = 4

[node name="beep_error" type="AudioStreamPlayer" parent="Sounds"]
unique_name_in_owner = true
stream = ExtResource("18_suq03")
max_polyphony = 4

[node name="PanelContainer" type="PanelContainer" parent="."]
visible = false
self_modulate = Color(1, 1, 1, 0.882353)
top_level = true
layout_mode = 2
size_flags_horizontal = 0
size_flags_vertical = 0
mouse_filter = 2

[node name="debug" type="RichTextLabel" parent="PanelContainer"]
custom_minimum_size = Vector2(500, 0)
layout_mode = 2
size_flags_horizontal = 0
size_flags_vertical = 0
mouse_filter = 2
bbcode_enabled = true
fit_content = true
scroll_active = false
autowrap_mode = 0
script = ExtResource("22_bndtv")

[connection signal="pressed" from="Main Menu/VBoxContainer/start" to="." method="start"]
[connection signal="pressed" from="Main Menu/VBoxContainer/quit" to="Floaters/Quit popup" method="show"]
[connection signal="pressed" from="Floaters/Quit popup/HBoxContainer/Yes" to="." method="quit"]
[connection signal="pressed" from="Floaters/Quit popup/HBoxContainer/No" to="Floaters/Quit popup" method="hide"]
