[gd_resource type="Theme" load_steps=31 format=3 uid="uid://daojujpult2f5"]

[ext_resource type="Texture2D" uid="uid://d0b7o5wat8rhr" path="res://theme/res_bar.png" id="1_70cc7"]
[ext_resource type="FontFile" uid="uid://sq8nceuqk1uk" path="res://Vanilla Caramel.otf" id="1_t3m25"]

[sub_resource type="StyleBoxFlat" id="StyleBoxFlat_6jj5o"]
bg_color = Color(0.151869, 0.123387, 0.197347, 1)
corner_radius_top_left = 8
corner_radius_top_right = 8
corner_radius_bottom_right = 8
corner_radius_bottom_left = 8
corner_detail = 4

[sub_resource type="StyleBoxFlat" id="StyleBoxFlat_yo1i2"]
draw_center = false
border_width_left = 2
border_width_top = 2
border_width_right = 2
border_width_bottom = 2
border_color = Color(0.356863, 0.227451, 0.541176, 1)
corner_radius_top_left = 8
corner_radius_top_right = 8
corner_radius_bottom_right = 8
corner_radius_bottom_left = 8
corner_detail = 4

[sub_resource type="StyleBoxFlat" id="StyleBoxFlat_6r201"]
content_margin_left = 8.0
content_margin_top = 8.0
content_margin_right = 8.0
content_margin_bottom = 8.0
bg_color = Color(0.164706, 0.0941176, 0.266667, 1)
corner_radius_top_left = 8
corner_radius_top_right = 8
corner_radius_bottom_right = 8
corner_radius_bottom_left = 8
corner_detail = 4

[sub_resource type="StyleBoxFlat" id="StyleBoxFlat_ks8le"]
content_margin_left = 8.0
content_margin_top = 8.0
content_margin_right = 8.0
content_margin_bottom = 8.0
bg_color = Color(0.164706, 0.0941176, 0.266667, 1)
corner_radius_top_left = 8
corner_radius_top_right = 8
corner_radius_bottom_right = 8
corner_radius_bottom_left = 8
corner_detail = 4

[sub_resource type="StyleBoxFlat" id="StyleBoxFlat_7w7de"]
content_margin_left = 8.0
content_margin_top = 8.0
content_margin_right = 8.0
content_margin_bottom = 8.0
bg_color = Color(0.301961, 0.133333, 0.341176, 1)
corner_radius_top_left = 8
corner_radius_top_right = 8
corner_radius_bottom_right = 8
corner_radius_bottom_left = 8
corner_detail = 4

[sub_resource type="StyleBoxFlat" id="StyleBoxFlat_5i7sb"]
content_margin_left = 4.0
bg_color = Color(0.301961, 0.133333, 0.341176, 1)
corner_radius_top_left = 8
corner_radius_top_right = 8
corner_radius_bottom_right = 8
corner_radius_bottom_left = 8
corner_detail = 4

[sub_resource type="StyleBoxFlat" id="StyleBoxFlat_g8cyc"]
content_margin_left = 4.0
bg_color = Color(0.301961, 0.133333, 0.341176, 1)
corner_radius_top_left = 8
corner_radius_top_right = 8
corner_radius_bottom_right = 8
corner_radius_bottom_left = 8
corner_detail = 4

[sub_resource type="StyleBoxFlat" id="StyleBoxFlat_djc6v"]
bg_color = Color(0.164706, 0.0941176, 0.266667, 1)
corner_detail = 1

[sub_resource type="StyleBoxFlat" id="StyleBoxFlat_5m6o7"]
bg_color = Color(0.301961, 0.133333, 0.341176, 1)

[sub_resource type="StyleBoxFlat" id="StyleBoxFlat_tc3b7"]
bg_color = Color(0.619608, 0.482353, 0.913725, 1)

[sub_resource type="StyleBoxFlat" id="StyleBoxFlat_ynupk"]
border_width_top = 8
border_color = Color(0.112887, 0.0874588, 0.147827, 1)

[sub_resource type="StyleBoxLine" id="StyleBoxLine_gp765"]
color = Color(0.301961, 0.133333, 0.341176, 1)
thickness = 2

[sub_resource type="StyleBoxFlat" id="StyleBoxFlat_oabqj"]
bg_color = Color(0, 0, 0, 1)

[sub_resource type="StyleBoxFlat" id="StyleBoxFlat_0nywp"]
bg_color = Color(0.301961, 0.133333, 0.341176, 1)
corner_radius_top_left = 8
corner_radius_top_right = 8
corner_radius_bottom_right = 8
corner_radius_bottom_left = 8

[sub_resource type="StyleBoxFlat" id="StyleBoxFlat_iapdr"]
bg_color = Color(0.164706, 0.0941176, 0.266667, 1)
corner_radius_top_left = 8
corner_radius_top_right = 8
corner_radius_bottom_right = 8
corner_radius_bottom_left = 8

[sub_resource type="StyleBoxTexture" id="StyleBoxTexture_att8k"]
content_margin_left = 0.0
content_margin_top = 0.0
content_margin_right = 0.0
content_margin_bottom = 0.0
texture = ExtResource("1_70cc7")
texture_margin_left = 4.0
texture_margin_right = 4.0
axis_stretch_horizontal = 1
region_rect = Rect2(0, 0, 96, 32)

[sub_resource type="StyleBoxTexture" id="StyleBoxTexture_ksiqc"]
content_margin_left = 0.0
content_margin_top = 0.0
content_margin_right = 0.0
content_margin_bottom = 0.0
texture = ExtResource("1_70cc7")
texture_margin_left = 4.0
texture_margin_right = 4.0
region_rect = Rect2(0, 32, 96, 32)

[sub_resource type="StyleBoxFlat" id="StyleBoxFlat_et5dh"]
content_margin_left = 4.0
content_margin_top = 0.0
content_margin_right = 4.0
content_margin_bottom = 0.0
bg_color = Color(0.164706, 0.0941176, 0.266667, 1)
draw_center = false
border_width_left = 2
border_width_top = 2
border_width_right = 2
border_width_bottom = 2
border_color = Color(0.356863, 0.227451, 0.541176, 1)
corner_radius_top_left = 4
corner_radius_top_right = 4
corner_radius_bottom_right = 4
corner_radius_bottom_left = 4
corner_detail = 4

[sub_resource type="StyleBoxFlat" id="StyleBoxFlat_440fo"]
content_margin_left = 4.0
content_margin_top = 0.0
content_margin_right = 4.0
content_margin_bottom = 0.0
bg_color = Color(0.164706, 0.0941176, 0.266667, 1)
corner_radius_top_left = 4
corner_radius_top_right = 4
corner_radius_bottom_right = 4
corner_radius_bottom_left = 4
corner_detail = 4

[sub_resource type="StyleBoxFlat" id="StyleBoxFlat_luyym"]
content_margin_left = 4.0
content_margin_top = 0.0
content_margin_right = 4.0
content_margin_bottom = 0.0
bg_color = Color(0.301961, 0.133333, 0.341176, 1)
border_width_left = 2
border_width_top = 2
border_width_right = 2
border_width_bottom = 2
border_color = Color(0.356863, 0.227451, 0.541176, 1)
corner_radius_top_left = 4
corner_radius_top_right = 4
corner_radius_bottom_right = 4
corner_radius_bottom_left = 4
corner_detail = 4

[sub_resource type="StyleBoxFlat" id="StyleBoxFlat_fy721"]
draw_center = false

[sub_resource type="StyleBoxFlat" id="StyleBoxFlat_xppuk"]
bg_color = Color(0.105882, 0.054902, 0.176471, 1)
border_width_left = 2
border_width_right = 2
border_width_bottom = 2
border_color = Color(0.356863, 0.227451, 0.541176, 1)
corner_radius_bottom_right = 8
corner_radius_bottom_left = 8

[sub_resource type="StyleBoxFlat" id="StyleBoxFlat_cu8nd"]
content_margin_left = 8.0
content_margin_right = 8.0
bg_color = Color(0, 0, 0, 1)
border_width_left = 2
border_width_top = 2
border_width_right = 2
border_color = Color(0.231373, 0.231373, 0.231373, 1)
corner_radius_top_left = 8
corner_radius_top_right = 8

[sub_resource type="StyleBoxFlat" id="StyleBoxFlat_tabk5"]

[sub_resource type="StyleBoxFlat" id="StyleBoxFlat_0cgmj"]
content_margin_left = 8.0
content_margin_right = 8.0
bg_color = Color(0.105882, 0.054902, 0.176471, 1)
border_width_left = 2
border_width_top = 2
border_width_right = 2
border_color = Color(0.356863, 0.227451, 0.541176, 1)
corner_radius_top_left = 8
corner_radius_top_right = 8

[sub_resource type="StyleBoxEmpty" id="StyleBoxEmpty_isg3h"]

[sub_resource type="StyleBoxFlat" id="StyleBoxFlat_ht57l"]
border_width_left = 8
border_color = Color(0.112887, 0.0874588, 0.147827, 1)

[sub_resource type="StyleBoxLine" id="StyleBoxLine_nupv4"]
color = Color(0.301961, 0.133333, 0.341176, 1)
thickness = 2
vertical = true

[resource]
default_font = ExtResource("1_t3m25")
default_font_size = 24
Button/colors/font_color = Color(0.619608, 0.482353, 0.913725, 1)
Button/colors/font_disabled_color = Color(0.291719, 0.269606, 0.429626, 1)
Button/colors/font_focus_color = Color(0.619608, 0.482353, 0.913725, 1)
Button/colors/font_hover_color = Color(0.780392, 0.537255, 0.831373, 1)
Button/colors/font_hover_pressed_color = Color(0.780392, 0.537255, 0.831373, 1)
Button/colors/font_pressed_color = Color(0.620221, 0.481538, 0.913818, 1)
Button/styles/disabled = SubResource("StyleBoxFlat_6jj5o")
Button/styles/focus = SubResource("StyleBoxFlat_yo1i2")
Button/styles/hover = SubResource("StyleBoxFlat_6r201")
Button/styles/normal = SubResource("StyleBoxFlat_ks8le")
Button/styles/pressed = SubResource("StyleBoxFlat_7w7de")
CheckBox/styles/hover_pressed = SubResource("StyleBoxFlat_5i7sb")
CheckButton/styles/hover_pressed = SubResource("StyleBoxFlat_g8cyc")
HScrollBar/styles/grabber = SubResource("StyleBoxFlat_djc6v")
HScrollBar/styles/grabber_highlight = SubResource("StyleBoxFlat_5m6o7")
HScrollBar/styles/grabber_pressed = SubResource("StyleBoxFlat_tc3b7")
HScrollBar/styles/scroll = SubResource("StyleBoxFlat_ynupk")
HSeparator/styles/separator = SubResource("StyleBoxLine_gp765")
Label/colors/font_color = Color(0.619608, 0.482353, 0.913725, 1)
Label/constants/line_spacing = 0
MarginContainer/constants/margin_bottom = 8
MarginContainer/constants/margin_left = 8
MarginContainer/constants/margin_right = 8
MarginContainer/constants/margin_top = 8
Panel/styles/panel = SubResource("StyleBoxFlat_oabqj")
PanelContainer/styles/panel = SubResource("StyleBoxFlat_oabqj")
PopupMenu/colors/font_color = Color(0.619608, 0.482353, 0.913725, 1)
PopupMenu/colors/font_hover_color = Color(0.780392, 0.537255, 0.831373, 1)
PopupMenu/styles/hover = SubResource("StyleBoxFlat_0nywp")
PopupMenu/styles/labeled_separator_left = null
PopupMenu/styles/labeled_separator_right = null
PopupMenu/styles/panel = SubResource("StyleBoxFlat_iapdr")
PopupMenu/styles/panel_disabled = null
PopupMenu/styles/separator = null
ProgressBar/styles/background = SubResource("StyleBoxTexture_att8k")
ProgressBar/styles/fill = SubResource("StyleBoxTexture_ksiqc")
SmolButton/base_type = &"Button"
SmolButton/styles/focus = SubResource("StyleBoxFlat_et5dh")
SmolButton/styles/hover = SubResource("StyleBoxFlat_et5dh")
SmolButton/styles/normal = SubResource("StyleBoxFlat_440fo")
SmolButton/styles/pressed = SubResource("StyleBoxFlat_luyym")
TabBar/colors/font_selected_color = Color(0.94902, 0.0392157, 0.94902, 1)
TabBar/colors/font_unselected_color = Color(0.701961, 0.168627, 0.701961, 1)
TabBar/styles/button_highlight = SubResource("StyleBoxFlat_fy721")
TabContainer/colors/font_disabled_color = Color(0.290196, 0.270588, 0.431373, 1)
TabContainer/colors/font_selected_color = Color(0.780392, 0.537255, 0.831373, 1)
TabContainer/colors/font_unselected_color = Color(0.619608, 0.482353, 0.913725, 1)
TabContainer/constants/side_margin = 0
TabContainer/styles/panel = SubResource("StyleBoxFlat_xppuk")
TabContainer/styles/tab_disabled = SubResource("StyleBoxFlat_cu8nd")
TabContainer/styles/tab_hovered = SubResource("StyleBoxFlat_tabk5")
TabContainer/styles/tab_selected = SubResource("StyleBoxFlat_0cgmj")
TabContainer/styles/tab_unselected = SubResource("StyleBoxFlat_cu8nd")
TabContainer/styles/tabbar_background = SubResource("StyleBoxEmpty_isg3h")
VScrollBar/styles/grabber = SubResource("StyleBoxFlat_djc6v")
VScrollBar/styles/grabber_highlight = SubResource("StyleBoxFlat_5m6o7")
VScrollBar/styles/grabber_pressed = SubResource("StyleBoxFlat_tc3b7")
VScrollBar/styles/scroll = SubResource("StyleBoxFlat_ht57l")
VSeparator/styles/separator = SubResource("StyleBoxLine_nupv4")
