[gd_scene load_steps=3 format=3 uid="uid://bdjqi5btoyew6"]

[ext_resource type="Script" uid="uid://brye4k0hlcohv" path="res://plinko/PachinkoTile.gd" id="1_wd04b"]
[ext_resource type="PackedScene" uid="uid://cbh5ef15rl81v" path="res://plinko/peg.tscn" id="2_bfy4n"]

[node name="Node2D" type="Node2D"]
script = ExtResource("1_wd04b")
tile_height = 320
metadata/_edit_horizontal_guides_ = [256.0, 320.0]
metadata/_edit_vertical_guides_ = [640.0]

[node name="peg" parent="." instance=ExtResource("2_bfy4n")]
position = Vector2(64, 64)

[node name="peg2" parent="." instance=ExtResource("2_bfy4n")]
position = Vector2(192, 64)

[node name="peg3" parent="." instance=ExtResource("2_bfy4n")]
position = Vector2(128, 128)

[node name="peg6" parent="." instance=ExtResource("2_bfy4n")]
position = Vector2(256, 128)

[node name="peg4" parent="." instance=ExtResource("2_bfy4n")]
position = Vector2(64, 192)

[node name="peg7" parent="." instance=ExtResource("2_bfy4n")]
position = Vector2(320, 64)

[node name="peg8" parent="." instance=ExtResource("2_bfy4n")]
position = Vector2(448, 64)

[node name="peg9" parent="." instance=ExtResource("2_bfy4n")]
position = Vector2(384, 128)

[node name="peg11" parent="." instance=ExtResource("2_bfy4n")]
position = Vector2(512, 128)

[node name="peg13" parent="." instance=ExtResource("2_bfy4n")]
position = Vector2(576, 64)

[node name="peg14" parent="." instance=ExtResource("2_bfy4n")]
position = Vector2(576, 192)

[node name="StaticBody2D" type="StaticBody2D" parent="."]
position = Vector2(256, 256)

[node name="CollisionPolygon2D" type="CollisionPolygon2D" parent="StaticBody2D"]
polygon = PackedVector2Array(64, -64, 320, 0, 64, 64, -192, 0)

[node name="Polygon2D" type="Polygon2D" parent="StaticBody2D/CollisionPolygon2D"]
color = Color(0.467114, 0.469736, 0.649811, 1)
polygon = PackedVector2Array(64, -64, 320, 0, 64, 64, -192, 0)
