[gd_scene load_steps=5 format=3 uid="uid://dhn1c2o0pv7v"]

[ext_resource type="Script" uid="uid://crc316wib05nf" path="res://plinko/spinner.gd" id="1_c08wm"]
[ext_resource type="PackedScene" uid="uid://cbh5ef15rl81v" path="res://plinko/peg.tscn" id="2_1dgwj"]

[sub_resource type="RectangleShape2D" id="RectangleShape2D_j7tgi"]
size = Vector2(190, 20)

[sub_resource type="PlaceholderTexture2D" id="PlaceholderTexture2D_mkpsr"]
size = Vector2(190, 20)

[node name="Node2D" type="Node2D"]

[node name="RigidBody2D" type="RigidBody2D" parent="."]
collision_layer = 2
collision_mask = 2
mass = 15.0

[node name="CollisionShape2D" type="CollisionShape2D" parent="RigidBody2D"]
shape = SubResource("RectangleShape2D_j7tgi")

[node name="Sprite2D" type="Sprite2D" parent="RigidBody2D"]
modulate = Color(0.255659, 0.255659, 0.255659, 1)
texture = SubResource("PlaceholderTexture2D_mkpsr")

[node name="RigidBody2D2" type="RigidBody2D" parent="."]
rotation = 1.5708
collision_layer = 4
collision_mask = 4
mass = 15.0

[node name="CollisionShape2D" type="CollisionShape2D" parent="RigidBody2D2"]
shape = SubResource("RectangleShape2D_j7tgi")

[node name="Sprite2D" type="Sprite2D" parent="RigidBody2D2"]
modulate = Color(0.197937, 0.197937, 0.197937, 1)
texture = SubResource("PlaceholderTexture2D_mkpsr")

[node name="PinJoint2D" type="PinJoint2D" parent="."]
node_a = NodePath("../RigidBody2D")
node_b = NodePath("../peg")
motor_enabled = true
motor_target_velocity = 174.533
script = ExtResource("1_c08wm")

[node name="PinJoint2D2" type="PinJoint2D" parent="."]
node_a = NodePath("../RigidBody2D2")
node_b = NodePath("../peg")

[node name="PinJoint2D3" type="PinJoint2D" parent="."]
position = Vector2(64, 64)
node_a = NodePath("../RigidBody2D2")
node_b = NodePath("../RigidBody2D")

[node name="peg" parent="." instance=ExtResource("2_1dgwj")]
