[gd_scene load_steps=17 format=3 uid="uid://dlsr1kelqecn5"]

[ext_resource type="Texture2D" uid="uid://r7jk5vf64qt6" path="res://textures/stonebutton.png" id="1_nnod7"]
[ext_resource type="Script" path="res://templates/cauldron_button.gd" id="1_rayma"]
[ext_resource type="AudioStream" uid="uid://clco85qca6n76" path="res://stone_door_faster.wav" id="3_vu7hd"]

[sub_resource type="AtlasTexture" id="AtlasTexture_pdifw"]
atlas = ExtResource("1_nnod7")
region = Rect2(0, 0, 32, 32)

[sub_resource type="StyleBoxTexture" id="StyleBoxTexture_jrjuk"]
texture = SubResource("AtlasTexture_pdifw")

[sub_resource type="AtlasTexture" id="AtlasTexture_25m4g"]
atlas = ExtResource("1_nnod7")
region = Rect2(32, 0, 32, 32)

[sub_resource type="StyleBoxTexture" id="StyleBoxTexture_8lcw5"]
texture = SubResource("AtlasTexture_25m4g")

[sub_resource type="AtlasTexture" id="AtlasTexture_wnbs8"]
atlas = ExtResource("1_nnod7")
region = Rect2(32, 32, 32, 32)

[sub_resource type="StyleBoxTexture" id="StyleBoxTexture_hw2nn"]
texture = SubResource("AtlasTexture_wnbs8")

[sub_resource type="AtlasTexture" id="AtlasTexture_3u3ww"]
atlas = ExtResource("1_nnod7")
region = Rect2(0, 32, 32, 32)

[sub_resource type="StyleBoxTexture" id="StyleBoxTexture_t6kwr"]
texture = SubResource("AtlasTexture_3u3ww")

[sub_resource type="Animation" id="Animation_js7xa"]
resource_name = "Swap-down"
length = 0.5
tracks/0/type = "value"
tracks/0/imported = false
tracks/0/enabled = true
tracks/0/path = NodePath(".:relpos:y")
tracks/0/interp = 1
tracks/0/loop_wrap = true
tracks/0/keys = {
"times": PackedFloat32Array(0, 0.25, 0.5),
"transitions": PackedFloat32Array(2, 0.5, 1),
"update": 0,
"values": [0.0, 17.0, 34.0]
}

[sub_resource type="Animation" id="Animation_bfx2x"]
resource_name = "Swap-left"
length = 0.5
tracks/0/type = "value"
tracks/0/imported = false
tracks/0/enabled = true
tracks/0/path = NodePath(".:relpos:x")
tracks/0/interp = 1
tracks/0/loop_wrap = true
tracks/0/keys = {
"times": PackedFloat32Array(0, 0.25, 0.5),
"transitions": PackedFloat32Array(2, 0.5, 1),
"update": 0,
"values": [0.0, -17.0, -34.0]
}

[sub_resource type="Animation" id="Animation_mebox"]
length = 0.5
tracks/0/type = "value"
tracks/0/imported = false
tracks/0/enabled = true
tracks/0/path = NodePath(".:relpos:x")
tracks/0/interp = 1
tracks/0/loop_wrap = true
tracks/0/keys = {
"times": PackedFloat32Array(0, 0.25, 0.5),
"transitions": PackedFloat32Array(2, 0.5, 1),
"update": 0,
"values": [0.0, 17.0, 34.0]
}

[sub_resource type="Animation" id="Animation_4720h"]
resource_name = "Swap-up"
length = 0.5
tracks/0/type = "value"
tracks/0/imported = false
tracks/0/enabled = true
tracks/0/path = NodePath(".:relpos:y")
tracks/0/interp = 1
tracks/0/loop_wrap = true
tracks/0/keys = {
"times": PackedFloat32Array(0, 0.25, 0.5),
"transitions": PackedFloat32Array(2, 0.5, 1),
"update": 0,
"values": [0.0, -17.0, -34.0]
}

[sub_resource type="AnimationLibrary" id="AnimationLibrary_n8st7"]
_data = {
"Swap-down": SubResource("Animation_js7xa"),
"Swap-left": SubResource("Animation_bfx2x"),
"Swap-right": SubResource("Animation_mebox"),
"Swap-up": SubResource("Animation_4720h")
}

[node name="CauldronButton" type="Button"]
custom_minimum_size = Vector2(32, 32)
offset_right = 32.0
offset_bottom = 32.0
theme_override_styles/normal = SubResource("StyleBoxTexture_jrjuk")
theme_override_styles/hover = SubResource("StyleBoxTexture_8lcw5")
theme_override_styles/pressed = SubResource("StyleBoxTexture_hw2nn")
theme_override_styles/disabled = SubResource("StyleBoxTexture_t6kwr")
action_mode = 0
keep_pressed_outside = true
icon_alignment = 1
script = ExtResource("1_rayma")
metadata/_edit_horizontal_guides_ = [0.0]

[node name="AnimationPlayer" type="AnimationPlayer" parent="."]
libraries = {
"GUI-anim": SubResource("AnimationLibrary_n8st7")
}

[node name="TextureRect" type="TextureRect" parent="."]
custom_minimum_size = Vector2(32, 32)
layout_mode = 0
offset_right = 32.0
offset_bottom = 32.0
mouse_filter = 2

[node name="move" type="AudioStreamPlayer" parent="."]
stream = ExtResource("3_vu7hd")

[connection signal="animation_finished" from="AnimationPlayer" to="." method="finish_swap"]
